@misc{whatIsGDPR,
    author = {{European Union}},
    title = {{What is GDPR?}},
    howpublished = {\url{https://gdpr.eu/what-is-gdpr/?cn-reloaded=1#:~:text=The\%20General,of\%20euros}},
    note = {Online; accessed 01 June 2021} 
}

@misc{mvvmPattern,
    author = {{Wikipedia Contributors: Ugaya40}},
    title = {{The MVVM Pattern}},
    howpublished = {\url{https://en.wikipedia.org/wiki/Model-view-viewmodel#/media/File:MVVMPattern.png}},
    note = {Online; accessed 07 June 2021} 
}

@misc{viewmodel,
    author = {{Jeremy Likness}},
    title = {{Model-View-ViewModel (MVVM) Explained}},
    howpublished = {\url{https://www.wintellect.com/model-view-viewmodel-mvvm-explained/}},
    note = {Online; accessed 09 June 2021} 
}

@misc{whatIsNFC,
    author = {{Near Field Communication (NFC) Forum}},
    title = {{What is NFC?}},
    howpublished = {\url{https://nfc-forum.org/#:~:text=NFC-,Near\%20Field\%20Communication,readers\%20already\%20deployed\%20worldwide,-Learn}},
    note = {Online; accessed 01 June 2021} 
}

@book{coskun2011near,
  title={Near field communication (NFC): From theory to practice},
  author={Coskun, Vedat and Ok, Kerem and Ozdenizci, Busra},
  year={2011},
  publisher={John Wiley \& Sons}
}

@misc{posImage,
    author = {{ING}},
    title = {{POS}},
    howpublished = {\url{https://ing.ro/microcompanii/microintreprinderi/pos}},
    note = {Online; accessed 09 June 2021} 
}

@misc{howToUseNfc,
    author = {{Edgar Cervantes}},
    title = {{How to use NFC on Android}},
    howpublished = {\url{https://www.androidauthority.com/how-to-use-nfc-android-164644/}},
    note = {Online; accessed 09 June 2021} 
}

@misc{carKey,
    author = {{Kirsten Korosec}},
    title = {{With Android 12, Google will turn your smartphone into a car key}},
    howpublished = {\url{https://techcrunch.com/2021/05/18/with-android-12-google-will-turn-your-smartphone-into-a-car-key/}},
    note = {Online; accessed 09 June 2021} 
}

@article{barrows1996privacy,
  title={Privacy, confidentiality, and electronic medical records},
  author={Barrows Jr, Randolph C and Clayton, Paul D},
  journal={Journal of the American medical informatics association},
  volume={3},
  number={2},
  pages={139--148},
  year={1996},
  publisher={BMJ Group BMA House, Tavistock Square, London, WC1H 9JR}
}

@inproceedings{lahtela2008rfid,
  title={RFID and NFC in healthcare: Safety of hospitals medication care},
  author={Lahtela, Antti and Hassinen, Marko and Jylha, Virpi},
  booktitle={2008 Second International Conference on Pervasive Computing Technologies for Healthcare},
  pages={241--244},
  year={2008},
  organization={IEEE}
}

@misc{intellijIdea,
    author = {{JetBrains}},
    title = {{IntelliJ IDEA 2021.1 Installation guide}},
    howpublished = {\url{https://www.jetbrains.com/help/idea/installation-guide.html#requirements}},
    note = {Online; accessed 15 June 2021} 
}

@misc{postgresSql,
    author = {{EnterpriseDB}},
    title = {{PostgreSQL 12.0 Requirements Overview}},
    howpublished = {\url{https://www.enterprisedb.com/edb-docs/d/postgresql/installation-getting-started/installation-guide-installers/12/requirements_overview.html}},
    note = {Online; accessed 15 June 2021} 
}

@misc{ktor,
    author = {{JetBrains}},
    title = {{About Ktor}},
    howpublished = {\url{https://ktor.io}},
    note = {Online; accessed 15 June 2021} 
}

@article{coskun2013survey,
  title={A survey on near field communication (NFC) technology},
  author={Coskun, Vedat and Ozdenizci, Busra and Ok, Kerem},
  journal={Wireless personal communications},
  volume={71},
  number={3},
  pages={2259--2294},
  year={2013},
  publisher={Springer}
}

@article{lazaro2018survey,
  title={A survey of NFC sensors based on energy harvesting for IoT applications},
  author={Lazaro, Antonio and Villarino, Ramon and Girbau, David},
  journal={Sensors},
  volume={18},
  number={11},
  pages={3746},
  year={2018},
  publisher={Multidisciplinary Digital Publishing Institute}
}

@inproceedings{steffen2010near,
  title={Near field communication (NFC) in an automotive environment},
  author={Steffen, Rainer and Prei{\ss}inger, J{\"o}rg and Sch{\"o}llermann, Tobias and M{\"u}ller, Armin and Schnabel, Ingo},
  booktitle={2010 Second International Workshop on Near Field Communication},
  pages={15--20},
  year={2010},
  organization={IEEE}
}

@inproceedings{nasution2012prototype,
  title={Prototype of train ticketing application using Near Field Communication (NFC) technology on Android device},
  author={Nasution, Surya Michrandi and Husni, Emir Mauludi and Wuryandari, Aciek Ida},
  booktitle={2012 International Conference on System Engineering and Technology (ICSET)},
  pages={1--6},
  year={2012},
  organization={IEEE}
}

@article{abouelmehdi2017big,
  title={Big data security and privacy in healthcare: a review},
  author={Abouelmehdi, Karim and Beni-Hssane, Abderrahim and Khaloufi, Hayat and Saadi, Mostafa},
  journal={Procedia Computer Science},
  volume={113},
  pages={73--80},
  year={2017},
  publisher={Elsevier}
}

@article{hathaliya2020exhaustive,
  title={An exhaustive survey on security and privacy issues in Healthcare 4.0},
  author={Hathaliya, Jigna J and Tanwar, Sudeep},
  journal={Computer Communications},
  volume={153},
  pages={311--335},
  year={2020},
  publisher={Elsevier}
}

@article{solove2008understanding,
  title={Understanding privacy},
  author={Solove, Daniel J},
  year={2008},
  publisher={Harvard University Press, May}
}

@article{voigt2017eu,
  title={The eu general data protection regulation (gdpr)},
  author={Voigt, Paul and Von dem Bussche, Axel},
  journal={A Practical Guide, 1st Ed., Cham: Springer International Publishing},
  volume={10},
  pages={3152676},
  year={2017},
  publisher={Springer}
}

@incollection{anderson2012model,
  title={The model-view-viewmodel (mvvm) design pattern},
  author={Anderson, Chris},
  booktitle={Pro Business Applications with Silverlight 5},
  pages={461--499},
  year={2012},
  publisher={Springer}
}